% This file was created with JabRef 2.10b2.
% Encoding: UTF8


@Techreport{Cerutti-Maori2011,
  Title                    = {Comparison of the {GMTI} capability of {RADARSAT-2} {MODEX-1} and {MODEX-2} modes},
  Author                   = {Delphine Cerutti-Maori and Ishuwa Sikaneta and Christoph H. Gierull},
  Institution              = {Defence R\&D Canada -- Ottawa},
  Year                     = {2011},
  Location                 = {Ottawa, ON},
  Pagetotal                = {175},

  Timestamp                = {2013.07.18}
}

@Article{Chiu2010,
  Title                    = {Moving target indication via {RADARSAT-2} multichannel synthetic aperture radar processing},
  Author                   = {Shen Chiu and Marina V. Drago\v{e}vi\'{c}},
  Journaltitle             = {EURASIP Journal on Advances in Signal Processing},
  Year                     = {2010},
  Doi                      = {10.1155/2010/740130},
  Number                   = {740130},
  Pages                    = {1-19},
  Volume                   = {2010},

  Timestamp                = {2013.07.18}
}

@Book{Cumming2005,
  Title                    = {Digital processing of synthetic aperture radar data: algorithms and implementation},
  Author                   = {Ian G. Cumming and Frank H. Wong},
  Year                     = {2005},
  ISBN                     = {978-1580530583},
  Location                 = {Norwood, MA},
  Pagetotal                = {625},
  Publisher                = {Artech House, Inc.},

  Timestamp                = {2013.07.18}
}

@Book{Curtis2005,
  Title                    = {Orbital mechanics for engineering students},
  Author                   = {Howard D. Curtis},
  Year                     = {2005},
  ISBN                     = {978-0750661690},
  Location                 = {Oxford, UK},
  Pagetotal                = {673},
  Publisher                = {Butterworth-Heinemann},

  Timestamp                = {2013.07.18}
}

@Thesis{Gebert2009,
  Title                    = {Multi-channel azimuth processing for high-resolution wide-swath {SAR} imaging},
  Author                   = {Nicolas Gebert},
  Institution              = {German Aerospace Center (DLR)},
  Year                     = {2009},
  Location                 = {Oberpfaffenhofen, Germany},
  Pagetotal                = {192},

  Timestamp                = {2013.07.18}
}

